@misc{ipendulam,
	author = {},
	title = {},
	howpublished = "\url{https://www.ee.usyd.edu.au/tutorials_online/matlab/examples/pend/invpen.html}"
}
@misc{rkMethod,
	author = {},
	title = {},
	howpublished = "\url{https://en.wikipedia.org/wiki/Runge%E2%80%93Kutta_methods
	}"
}
@misc{lecNote,
	author = {},
	title = {ECEN-865 Lecture Notes
	}
}